@article{marchetti2016modifier,
  title={Modifier adaptation for real-time optimizationâ€”methods and applications},
  author={Marchetti, Alejandro G and Fran{\c{c}}ois, Gr{\'e}gory and Faulwasser, Timm and Bonvin, Dominique},
  journal={Processes},
  volume={4},
  number={4},
  pages={55},
  year={2016},
  publisher={Multidisciplinary Digital Publishing Institute}
}

@article{darby2011rto,
  title={RTO: An overview and assessment of current practice},
  author={Darby, Mark L and Nikolaou, Michael and Jones, James and Nicholson, Doug},
  journal={Journal of Process control},
  volume={21},
  number={6},
  pages={874--884},
  year={2011},
  publisher={Elsevier}
}

@article{sharifzadeh2013integration,
  title={Integration of process design and control: A review},
  author={Sharifzadeh, Mahdi},
  journal={Chemical Engineering Research and Design},
  volume={91},
  number={12},
  pages={2515--2549},
  year={2013},
  publisher={Elsevier}
}

@article{camara2016performance,
	title={Performance evaluation of real industrial RTO systems},
	author={C{\^a}mara, Maur{\'\i}cio M and Quelhas, Andr{\'e} D and Pinto, Jos{\'e} Carlos},
	journal={Processes},
	volume={4},
	number={4},
	pages={44},
	year={2016},
	publisher={Multidisciplinary Digital Publishing Institute}
}

@article{lu2017industry,
	title={Industry 4.0: A survey on technologies, applications and open research issues},
	author={Lu, Yang},
	journal={Journal of Industrial Information Integration},
	volume={6},
	pages={1--10},
	year={2017},
	publisher={Elsevier}
}

@article{lasi2014industry,
	title={Industry 4.0},
	author={Lasi, Heiner and Fettke, Peter and Kemper, Hans-Georg and Feld, Thomas and Hoffmann, Michael},
	journal={Business \& information systems engineering},
	volume={6},
	number={4},
	pages={239--242},
	year={2014},
	publisher={Springer}
}

@article{chiang2017big,
	title={Big data analytics in chemical engineering},
	author={Chiang, Leo and Lu, Bo and Castillo, Ivan},
	journal={Annual review of chemical and biomolecular engineering},
	volume={8},
	pages={63--85},
	year={2017},
	publisher={Annual Reviews}
}

@article{marchetti2009modifier,
	title={Modifier-adaptation methodology for real-time optimization},
	author={Marchetti, Alejandro and Chachuat, B and Bonvin, Dominique},
	journal={Industrial \& engineering chemistry research},
	volume={48},
	number={13},
	pages={6022--6033},
	year={2009},
	publisher={ACS Publications}
}

@article{marchetti2010dual,
	title={A dual modifier-adaptation approach for real-time optimization},
	author={Marchetti, Alejandro and Chachuat, Benoit and Bonvin, Dominique},
	journal={Journal of Process Control},
	volume={20},
	number={9},
	pages={1027--1037},
	year={2010},
	publisher={Elsevier}
}

@article{chachuat2009adaptation,
	title={Adaptation strategies for real-time optimization},
	author={Chachuat, Beno{\^\i}t and Srinivasan, Balasubramaniam and Bonvin, Dominique},
	journal={Computers \& Chemical Engineering},
	volume={33},
	number={10},
	pages={1557--1567},
	year={2009},
	publisher={Elsevier}
}

@article{costello2016directional,
	title={A directional modifier-adaptation algorithm for real-time optimization},
	author={Costello, Sean and Fran{\c{c}}ois, Gr{\'e}gory and Bonvin, Dominique},
	journal={Journal of Process Control},
	volume={39},
	pages={64--76},
	year={2016},
	publisher={Elsevier}
}

@inproceedings{navia2012handling,
	title={Handling infeasibilities in dual modifier-adaptation methodology for real-time optimization},
	author={Navia, Daniel and Mart{\'\i}, Rub{\'e}n and Sarabia, Daniel and Gutierrez, Gloria and de Prada, Cesar},
	booktitle={Proc. 8th IFAC Symposium on Advanced Control of Chemical Processes},
	pages={537--542},
	year={2012}
}

@article{franccois2013use,
	title={Use of convex model approximations for real-time optimization via modifier adaptation},
	author={Fran{\c{c}}ois, Gr{\'e}gory and Bonvin, Dominique},
	journal={Industrial \& Engineering Chemistry Research},
	volume={52},
	number={33},
	pages={11614--11625},
	year={2013},
	publisher={ACS Publications}
}

@article{srinivasan2019110th,
	title={110th Anniversary: A Feature-Based Analysis of Static Real-Time Optimization Schemes},
	author={Srinivasan, Bala and Bonvin, Dominique},
	journal={Industrial \& Engineering Chemistry Research},
	volume={58},
	number={31},
	pages={14227--14238},
	year={2019},
	publisher={ACS Publications}
}

@article{marchetti2020modifier,
	title={Modifier Adaptation as a Feedback Control Scheme},
	author={Marchetti, Alejandro G and de Avila Ferreira, Tafarel and Costello, Sean C and Bonvin, Dominique},
	journal={Industrial \& Engineering Chemistry Research},
	year={2020},
	publisher={ACS Publications}
}

@article{hille2019experimental,
	title={Experimental Design for Batch-to-Batch Optimization under Model-Plant Mismatch},
	author={Hille, Rubin and Budman, Hector M},
	journal={Industrial \& Engineering Chemistry Research},
	volume={58},
	number={30},
	pages={13599--13610},
	year={2019},
	publisher={ACS Publications}
}

@article{mandur2015robust,
	title={Robust algorithms for simultaneous model identification and optimization in the presence of model-plant mismatch},
	author={Mandur, Jasdeep S and Budman, Hector M},
	journal={Industrial \& Engineering Chemistry Research},
	volume={54},
	number={38},
	pages={9382--9393},
	year={2015},
	publisher={ACS Publications}
}

@article{gros2019dual,
	title={Dual-Mode Batch-to-Batch Optimization as a Markov Decision Process},
	author={Gros, Sebastien},
	journal={Industrial \& Engineering Chemistry Research},
	volume={58},
	number={30},
	pages={13780--13791},
	year={2019},
	publisher={ACS Publications}
}

@article{chen1987line,
	title={On-line optimization using a two-phase approach: An application study},
	author={Chen, Chun Y and Joseph, Babu},
	journal={Industrial \& engineering chemistry research},
	volume={26},
	number={9},
	pages={1924--1930},
	year={1987},
	publisher={ACS Publications}
}


@article{zhang2002real,
	title={Real-time optimization under parametric uncertainty: a probability constrained approach},
	author={Zhang, Yale and Monder, Dayadeep and Forbes, J Fraser},
	journal={Journal of Process control},
	volume={12},
	number={3},
	pages={373--389},
	year={2002},
	publisher={Elsevier}
}

@inproceedings{zhang2010robust,
	title={Robust dynamic real-time optimization under parametric uncertainty for plant-wide processes},
	author={Zhang, Yan},
	booktitle={2010 8th World Congress on Intelligent Control and Automation},
	pages={4078--4083},
	year={2010},
	organization={IEEE}
}


@article{tatjewski2002iterative,
	title={Iterative optimizing set-point control--the basic principle redesigned},
	author={Tatjewski, Piotr},
	journal={IFAC Proceedings Volumes},
	volume={35},
	number={1},
	pages={49--54},
	year={2002},
	publisher={Elsevier}
}

@article{franccois2005use,
	title={Use of measurements for enforcing the necessary conditions of optimality in the presence of constraints and uncertainty},
	author={Fran{\c{c}}ois, Gregory and Srinivasan, Bala and Bonvin, Dominique},
	journal={Journal of Process Control},
	volume={15},
	number={6},
	pages={701--712},
	year={2005},
	publisher={Elsevier}
}

@article{biegler2009large,
	title={Large-scale nonlinear programming using IPOPT: An integrating framework for enterprise-wide dynamic optimization},
	author={Biegler, Lorenz T and Zavala, Victor M},
	journal={Computers \& Chemical Engineering},
	volume={33},
	number={3},
	pages={575--582},
	year={2009},
	publisher={Elsevier}
}

@article{forbes1994model,
	title={Model adequacy requirements for optimizing plant operations},
	author={Forbes, JF and Marlin, TE and MacGregor, JF},
	journal={Computers \& chemical engineering},
	volume={18},
	number={6},
	pages={497--510},
	year={1994},
	publisher={Elsevier}
}

@article{krstic2000stability,
	title={Stability of extremum seeking feedback for general nonlinear dynamic systems},
	author={Krsti{\'c}, Miroslav and Wang, Hsin-Hsiung},
	journal={Automatica},
	volume={36},
	number={4},
	pages={595--601},
	year={2000},
	publisher={Elsevier}
}

@article{gros2009optimizing,
	title={Optimizing control based on output feedback},
	author={Gros, S{\'e}bastien and Srinivasan, Balasubramaniam and Bonvin, Dominique},
	journal={Computers \& Chemical Engineering},
	volume={33},
	number={1},
	pages={191--198},
	year={2009},
	publisher={Elsevier}
}

@article{skogestad2000self,
	title={Self-optimizing control: The missing link between steady-state optimization and control},
	author={Skogestad, Sigurd},
	journal={Computers \& Chemical Engineering},
	volume={24},
	number={2-7},
	pages={569--575},
	year={2000},
	publisher={Elsevier}
}

@inproceedings{marlin1997real,
	title={Real-time operations optimization of continuous processes},
	author={Marlin, Thomas E and Hrymak, Andrew N and others},
	booktitle={AIChE Symposium Series},
	volume={93},
	number={316},
	pages={156--164},
	year={1997},
	organization={New York, NY: American Institute of Chemical Engineers, 1971-c2002.}
}

@article{san2002multiple,
	title={Multiple data sets for model updating in real-time operations optimization},
	author={San Yip, Wai and Marlin, Thomas E},
	journal={Computers \& chemical engineering},
	volume={26},
	number={10},
	pages={1345--1362},
	year={2002},
	publisher={Elsevier}
}

@article{forbes1996design,
	title={Design cost: A systematic approach to technology selection for model-based real-time optimization systems},
	author={Forbes, J Fraser and Marlin, Thomas E},
	journal={Computers \& chemical engineering},
	volume={20},
	number={6-7},
	pages={717--734},
	year={1996},
	publisher={Elsevier}
}

@article{gao2005iterative,
	title={Iterative set-point optimization of batch chromatography},
	author={Gao, Weihua and Engell, Sebastian},
	journal={Computers \& Chemical Engineering},
	volume={29},
	number={6},
	pages={1401--1409},
	year={2005},
	publisher={Elsevier}
}

@article{costello2011modifier,
	title={Modifier adaptation for run-to-run optimization of transient processes},
	author={Costello, Sean and Fran{\c{c}}ois, Gr{\'e}gory and Srinivasan, Bala and Bonvin, Dominique},
	journal={IFAC Proceedings Volumes},
	volume={44},
	number={1},
	pages={11471--11476},
	year={2011},
	publisher={Elsevier}
}

@inproceedings{marchetti2007batch,
	title={Batch process optimization via run-to-run constraints adaptation},
	author={Marchetti, Alejandro and Chachuat, Beno{\^\i}t and Bonvin, Dominique},
	booktitle={2007 European Control Conference (ECC)},
	pages={2791--2798},
	year={2007},
	organization={IEEE}
}

@inproceedings{de2018real,
	title={Real-time optimization of uncertain process systems via modifier adaptation and Gaussian processes},
	author={de Avila Ferreira, Tafarel and Shukla, Harsh A and Faulwasser, Timm and Jones, Colin N and Bonvin, Dominique},
	booktitle={2018 European Control Conference (ECC)},
	pages={465--470},
	year={2018},
	organization={IEEE}
}

@article{petsagkourakis2020constrained,
	title={Constrained Reinforcement Learning for Dynamic Optimization under Uncertainty},
	author={Petsagkourakis, Panagiotis and Sandoval, Ilya Orson and Bradford, Eric and Zhang, Dongda and Chanona, Ehecatl Antonio del R{\'\i}o},
	journal={arXiv preprint arXiv:2006.02750},
	year={2020}
}

@article{beyer2007robust,
	title={Robust optimization--a comprehensive survey},
	author={Beyer, Hans-Georg and Sendhoff, Bernhard},
	journal={Computer methods in applied mechanics and engineering},
	volume={196},
	number={33-34},
	pages={3190--3218},
	year={2007},
	publisher={Elsevier}
}

@article{bagajewicz2000brief,
	title={A brief review of recent developments in data reconciliation and gross error detection/estimation},
	author={Bagajewicz, MJ},
	journal={Latin American Applied Research},
	volume={30},
	number={4},
	pages={335--342},
	year={2000}
}

@article{afram2014theory,
	title={Theory and applications of HVAC control systems--A review of model predictive control (MPC)},
	author={Afram, Abdul and Janabi-Sharifi, Farrokh},
	journal={Building and Environment},
	volume={72},
	pages={343--355},
	year={2014},
	publisher={Elsevier}
}

@article{gopalunimodern,
	title={Modern Machine Learning Tools for Monitoring and Control of Industrial Processes: A Survey},
	author={Gopaluni, R Bhushan and Tulsyan, Aditya and Chachuat, Benoit and Huang, Biao and Lee, Jong Min and Amjad, Faraz and Damarla, Seshu Kumar and Kim, Jong Woo and Lawrence, Nathan P},
	year={2020},
	publisher={Nao publicado}
}

@article{zhang2019real,
	title={Real-Time Optimization and Control of Nonlinear Processes Using Machine Learning},
	author={Zhang, Zhihao and Wu, Zhe and Rincon, David and Christofides, Panagiotis D},
	journal={Mathematics},
	volume={7},
	number={10},
	pages={890},
	year={2019},
	publisher={Multidisciplinary Digital Publishing Institute}
}

@article{del2019modifier,
	title={Modifier-Adaptation Schemes Employing Gaussian Processes and Trust Regions for Real-Time Optimization},
	author={del Rio Chanona, Ehecatl Antonio and Alves Graciano, Jos{\'e} Eduardo and Bradford, Eric and Chachuat, Benoit},
	year={2019},
	publisher={International Federation of Automatic Control (IFAC)}
}

@article{zendehboudi2018applications,
	title={Applications of hybrid models in chemical, petroleum, and energy systems: A systematic review},
	author={Zendehboudi, Sohrab and Rezaei, Nima and Lohi, Ali},
	journal={Applied energy},
	volume={228},
	pages={2539--2566},
	year={2018},
	publisher={Elsevier}
}

@article{gao2016reliable,
	title={A reliable modifier-adaptation strategy for real-time optimization},
	author={Gao, Weihua and Wenzel, Simon and Engell, Sebastian},
	journal={Computers \& chemical engineering},
	volume={91},
	pages={318--328},
	year={2016},
	publisher={Elsevier}
}

@article{diehl2002real,
	title={Real-time optimization and nonlinear model predictive control of processes governed by differential-algebraic equations},
	author={Diehl, Moritz and Bock, H Georg and Schl{\"o}der, Johannes P and Findeisen, Rolf and Nagy, Zoltan and Allg{\"o}wer, Frank},
	journal={Journal of Process Control},
	volume={12},
	number={4},
	pages={577--585},
	year={2002},
	publisher={Elsevier}
}

@article{adetola2010integration,
	title={Integration of real-time optimization and model predictive control},
	author={Adetola, Veronica and Guay, Martin},
	journal={Journal of Process Control},
	volume={20},
	number={2},
	pages={125--133},
	year={2010},
	publisher={Elsevier}
}

@article{alvarez2010robust,
	title={Robust integration of real time optimization with linear model predictive control},
	author={Alvarez, Luz A and Odloak, Darci},
	journal={Computers \& Chemical Engineering},
	volume={34},
	number={12},
	pages={1937--1944},
	year={2010},
	publisher={Elsevier}
}

@article{de2010real,
	title={Real time optimization (RTO) with model predictive control (MPC)},
	author={De Souza, Glauce and Odloak, Darci and Zanin, Ant{\^o}nio C},
	journal={Computers \& Chemical Engineering},
	volume={34},
	number={12},
	pages={1999--2006},
	year={2010},
	publisher={Elsevier}
}

@article{ellis2014tutorial,
	title={A tutorial review of economic model predictive control methods},
	author={Ellis, Matthew and Durand, Helen and Christofides, Panagiotis D},
	journal={Journal of Process Control},
	volume={24},
	number={8},
	pages={1156--1178},
	year={2014},
	publisher={Elsevier}
}

@article{jang1987line,
	title={On-line optimization of constrained multivariable chemical processes},
	author={Jang, Shi-Shang and Joseph, Babu and Mukai, Hiro},
	journal={AIChE Journal},
	volume={33},
	number={1},
	pages={26--35},
	year={1987},
	publisher={Wiley Online Library}
}

@article{naysmith1995review,
	title={Review of real time optimization in the chemical process industries},
	author={Naysmith, MR and Douglas, PL},
	journal={Developments in Chemical Engineering and Mineral Processing},
	volume={3},
	number={2},
	pages={67--87},
	year={1995},
	publisher={Wiley Online Library}
}

@incollection{gill2012sequential,
	title={Sequential quadratic programming methods},
	author={Gill, Philip E and Wong, Elizabeth},
	booktitle={Mixed integer nonlinear programming},
	pages={147--224},
	year={2012},
	publisher={Springer}
}

@article{biegler1992optimization,
	title={Optimization strategies for complex process models},
	author={Biegler, Lorenz T},
	journal={Advances in Chemical Engineering},
	volume={18},
	pages={197--256},
	year={1992},
	publisher={Academic Press}
}

@article{krishnan1992robust,
	title={Robust parameter estimation in on-line optimizationâ€”Part I. Methodology and simulated case study},
	author={Krishnan, S and Barton, GW and Perkins, JD},
	journal={Computers \& chemical engineering},
	volume={16},
	number={6},
	pages={545--562},
	year={1992},
	publisher={Elsevier}
}

@article{mclean2012mathematical,
	title={Mathematical modelling of chemical processesâ€”obtaining the best model predictions and parameter estimates using identifiability and estimability procedures},
	author={McLean, Kevin AP and McAuley, Kim B},
	journal={The Canadian Journal of Chemical Engineering},
	volume={90},
	number={2},
	pages={351--366},
	year={2012},
	publisher={Wiley Online Library}
}

@article{san2003designing,
	title={Designing plant experiments for real-time optimization systems},
	author={San Yip, Wai and Marlin, Thomas E},
	journal={Control Engineering Practice},
	volume={11},
	number={8},
	pages={837--845},
	year={2003},
	publisher={Elsevier}
}

@article{bard1974nonlinear,
	title={Nonlinear parameter estimation},
	author={Bard, Yonathan},
	year={1974},
	publisher={Academic press}
}

@article{wu2011selection1,
	title={Selection of simplified models: I. Analysis of model-selection criteria using mean-squared error},
	author={Wu, Shaohua and McAuley, KB and Harris, TJ},
	journal={The Canadian Journal of Chemical Engineering},
	volume={89},
	number={1},
	pages={148--158},
	year={2011},
	publisher={Wiley Online Library}
}

@article{wu2011selection2,
	title={Selection of simplified models: II. Development of a model selection criterion based on mean squared error},
	author={Wu, Shaohua and McAuley, KB and Harris, TJ},
	journal={The Canadian Journal of Chemical Engineering},
	volume={89},
	number={2},
	pages={325--336},
	year={2011},
	publisher={Wiley Online Library}
}

@article{biegler1985note,
	title={A note on approximation techniques used for process optimization},
	author={Biegler, Lorenz T and Grossmann, Ignacio E and Westerberg, Arthur W},
	journal={Computers \& chemical engineering},
	volume={9},
	number={2},
	pages={201--206},
	year={1985},
	publisher={Elsevier}
}

@article{forbes1994conv,
	title={Model accuracy for economic optimizing controllers: the bias update case},
	author={Forbes, J Fraser and Marlin, Thomas E},
	journal={Industrial \& engineering chemistry research},
	volume={33},
	number={8},
	pages={1919--1929},
	year={1994},
	publisher={ACS Publications}
}

@book{bazaraa2013nonlinear,
	title={Nonlinear programming: theory and algorithms},
	author={Bazaraa, Mokhtar S and Sherali, Hanif D and Shetty, Chitharanjan M},
	year={2013},
	publisher={John Wiley \& Sons}
}

@article{roberts1979algorithm,
	title={An algorithm for steady-state system optimization and parameter estimation},
	author={Roberts, PD},
	journal={International Journal of Systems Science},
	volume={10},
	number={7},
	pages={719--734},
	year={1979},
	publisher={Taylor \& Francis}
}

@book{piotr2005iterative,
	title={Iterative algorithms for multilayer optimizing control},
	author={Piotr, Tatjewski and others},
	year={2005},
	publisher={World Scientific}
}

@article{roberts1995coping,
	title={Coping with model-reality differences in industrial process optimisationâ€”A review of integrated system optimisation and parameter estimation (ISOPE)},
	author={Roberts, PD},
	journal={Computers in Industry},
	volume={26},
	number={3},
	pages={281--290},
	year={1995},
	publisher={Elsevier}
}

@article{chachuat2008process,
	title={Process optimization via constraints adaptation},
	author={Chachuat, Benoit and Marchetti, Alejandro and Bonvin, Dominique},
	journal={Journal of Process Control},
	volume={18},
	number={3-4},
	pages={244--257},
	year={2008},
	publisher={Elsevier}
}

@article{biegler2014multi,
	title={Multi-scale optimization for process systems engineering},
	author={Biegler, Lorenz T and Lang, Yi-dong and Lin, Weijie},
	journal={Computers \& Chemical Engineering},
	volume={60},
	pages={17--30},
	year={2014},
	publisher={Elsevier}
}

@article{miao2011identifiability,
	title={On identifiability of nonlinear ODE models and applications in viral dynamics},
	author={Miao, Hongyu and Xia, Xiaohua and Perelson, Alan S and Wu, Hulin},
	journal={SIAM review},
	volume={53},
	number={1},
	pages={3--39},
	year={2011},
	publisher={SIAM}
}

@article{miletic1998results,
	title={Results diagnosis for real-time process operations optimization},
	author={Miletic, IP and Marlin, TE},
	journal={Computers \& chemical engineering},
	volume={22},
	pages={S475--S482},
	year={1998},
	publisher={Elsevier}
}

@article{weissman2015design,
	title={Design of experiments (DoE) and process optimization. A review of recent publications},
	author={Weissman, Steven A and Anderson, Neal G},
	journal={Organic Process Research \& Development},
	volume={19},
	number={11},
	pages={1605--1633},
	year={2015},
	publisher={ACS Publications}
}

@article{roberts2000broyden,
	title={Broyden derivative approximation in ISOPE optimising and optimal control algorithms},
	author={Roberts, PD},
	journal={IFAC Proceedings Volumes},
	volume={33},
	number={16},
	pages={293--298},
	year={2000},
	publisher={Elsevier}
}

@article{marchetti2011real,
	title={Real-time optimization via modifier adaptation integrated with model predictive control},
	author={Marchetti, A and Luppi, P and Basualdo, M},
	journal={IFAC Proceedings Volumes},
	volume={44},
	number={1},
	pages={9856--9861},
	year={2011},
	publisher={Elsevier}
}

@article{savitzky1964smoothing,
	title={Smoothing and differentiation of data by simplified least squares procedures.},
	author={Savitzky, Abraham and Golay, Marcel JE},
	journal={Analytical chemistry},
	volume={36},
	number={8},
	pages={1627--1639},
	year={1964},
	publisher={ACS Publications}
}

@incollection{brdys1995algorithm,
	title={An algorithm for steady-state optimizing dual control of uncertain plants},
	author={Brdy{\'s}, MA and Tatjewski, P},
	booktitle={New Trends in Design of Control Systems 1994},
	pages={215--220},
	year={1995},
	publisher={Elsevier}
}


@article{tadej2001analysis,
	title={Analysis of an ISOPE-type dual algorithm for optimizing control and nonlinear optimization},
	author={Tadej, Wojciech and Tatjewski, Piotr},
	journal={International Journal of Applied Mathematics and Computer Science},
	volume={11},
	pages={429--457},
	year={2001}
}

@book{conn2009introduction,
	title={Introduction to derivative-free optimization},
	author={Conn, Andrew R and Scheinberg, Katya and Vicente, Luis N},
	year={2009},
	publisher={SIAM}
}

@article{rodger2011design,
	title={Design methodology of modifier adaptation for on-line optimization of uncertain processes},
	author={Rodger, Eric A and Chachuat, Beno{\^\i}t},
	journal={IFAC Proceedings Volumes},
	volume={44},
	number={1},
	pages={4113--4118},
	year={2011},
	publisher={Elsevier}
}

@article{marchetti2013new,
	title={A new dual modifier-adaptation approach for iterative process optimization with inaccurate models},
	author={Marchetti, Alejandro G},
	journal={Computers \& Chemical Engineering},
	volume={59},
	pages={89--100},
	year={2013},
	publisher={Elsevier}
}

@article{brdys1986extension,
	title={An extension to the modified two-step algorithm for steady-state system optimization and parameter estimation},
	author={Brdy{\'s}, M and Chen, S and Roberts, PD},
	journal={International journal of systems science},
	volume={17},
	number={8},
	pages={1229--1243},
	year={1986},
	publisher={Taylor \& Francis}
}

@article{govatsmark2005selection,
	title={Selection of controlled variables and robust setpoints},
	author={Govatsmark, Marius S and Skogestad, Sigurd},
	journal={Industrial \& engineering chemistry research},
	volume={44},
	number={7},
	pages={2207--2217},
	year={2005},
	publisher={ACS Publications}
}

@inproceedings{costello2015directional,
	title={Directional real-time optimization applied to a kite-control simulation benchmark},
	author={Costello, Sean and Fran{\c{c}}ois, Gr{\'e}gory and Bonvin, Dominique},
	booktitle={2015 European Control Conference (ECC)},
	pages={1594--1601},
	year={2015},
	organization={IEEE}
}

@article{faulwasser2014use,
	title={On the use of second-order modifiers for real-time optimization},
	author={Faulwasser, Timm and Bonvin, Dominique},
	journal={IFAC Proceedings Volumes},
	volume={47},
	number={3},
	pages={7622--7628},
	year={2014},
	publisher={Elsevier}
}

@article{singhal2016real,
	title={Real-time optimization based on adaptation of surrogate models},
	author={Singhal, Martand and Marchetti, Alejandro G and Faulwasser, Timm and Bonvin, Dominique},
	journal={IFAC-PapersOnLine},
	volume={49},
	number={7},
	pages={412--417},
	year={2016},
	publisher={Elsevier}
}

@article{bunin2014equivalence,
	title={On the equivalence between the modifier-adaptation and trust-region frameworks},
	author={Bunin, Gene A},
	journal={Computers \& chemical engineering},
	volume={71},
	pages={154--157},
	year={2014},
	publisher={Elsevier}
}

@inproceedings{gao2015modifier,
	title={Modifier adaptation with quadratic approximation in iterative optimizing control},
	author={Gao, Weihua and Wenzel, Simon and Engell, Sebastian},
	booktitle={2015 European Control Conference (ECC)},
	pages={2527--2532},
	year={2015},
	organization={IEEE}
}

@article{navia2015modifier,
	title={Modifier-adaptation methodology for real-time optimization reformulated as a nested optimization problem},
	author={Navia, D and Brice{\~n}o, L and Guti{\'e}rrez, G and De Prada, C},
	journal={Industrial \& engineering chemistry research},
	volume={54},
	number={48},
	pages={12054--12071},
	year={2015},
	publisher={ACS Publications}
}

@inproceedings{gao2015integration,
	title={Integration of gradient adaptation and quadratic approximation in real-time optimization},
	author={Gao, Weihua and Wenzel, Simon and Engell, Sebastian},
	booktitle={2015 34th Chinese Control Conference (CCC)},
	pages={2780--2785},
	year={2015},
	organization={IEEE}
}

@article{singhal2015handling,
	title={On handling cost gradient uncertainty in real-time optimization},
	author={Singhal, Martand and Faulwasser, Timm and Bonvin, Dominique},
	journal={IFAC-PapersOnLine},
	volume={48},
	number={8},
	pages={176--181},
	year={2015},
	publisher={Elsevier}
}

@article{navia2016real,
	title={Real-time optimization for a laboratory-scale flotation column},
	author={Navia, Daniel and Villegas, Diego and Cornejo, Iv{\'a}n and de Prada, C{\'e}sar},
	journal={Computers \& chemical engineering},
	volume={86},
	pages={62--74},
	year={2016},
	publisher={Elsevier}
}

@article{franccois2012comparison,
	title={Comparison of six implicit real-time optimization schemes},
	author={Fran{\c{c}}ois, Gr{\'e}gory and Srinivasan, Balasubrahmanya and Bonvin, Dominique},
	journal={Journal europ{\'e}en des syst{\'e}mes automatis{\'e}s},
	volume={46},
	number={ARTICLE},
	pages={291--305},
	year={2012},
	publisher={Lavoisier}
}

@article{srinivasan2007real,
	title={Real-time optimization of batch processes by tracking the necessary conditions of optimality},
	author={Srinivasan, Bala and Bonvin, Dominique},
	journal={Industrial \& engineering chemistry research},
	volume={46},
	number={2},
	pages={492--504},
	year={2007},
	publisher={ACS Publications}
}

@article{mandur2015simultaneous,
	title={Simultaneous model identification and optimization in presence of model-plant mismatch},
	author={Mandur, Jasdeep S and Budman, Hector M},
	journal={Chemical Engineering Science},
	volume={129},
	pages={106--115},
	year={2015},
	publisher={Elsevier}
}

@book{williams2006gaussian,
	title={Gaussian processes for machine learning},
	author={Williams, Christopher KI and Rasmussen, Carl Edward},
	volume={2},
	number={3},
	year={2006},
	publisher={MIT press Cambridge, MA}
}

@inproceedings{andersson2020distributed,
	title={Distributed learning and wind farm optimization with Gaussian processes},
	author={Andersson, Leif Erik and Bradford, Eric Christopher and Imsland, Lars},
	booktitle={American Control Conference (ACC), online conference, accepted, 2020a. a, b},
	year={2020}
}

@article{williams1960generalized,
	title={A generalized chemical processing model for the investigation of computer control},
	author={Williams, Theodore J and Otto, Robert E},
	journal={Transactions of the American Institute of Electrical Engineers, Part I: Communication and Electronics},
	volume={79},
	number={5},
	pages={458--473},
	year={1960},
	publisher={IEEE}
}

@inproceedings{milosavljevic2016time,
	title={Time-optimal path-following operation in the presence of uncertainty},
	author={Milosavljevic, Predrag and Faulwasser, Timm and Marchetti, Alejandro and Bonvin, Dominique},
	booktitle={2016 European Control Conference (ECC)},
	pages={2228--2233},
	year={2016},
	organization={Ieee}
}

@article{jia2016self,
	title={Self-correcting modifier-adaptation strategy for batch-to-batch optimization based on batch-wise unfolded PLS model},
	author={Jia, Runda and Mao, Zhizhong and Wang, Fuli},
	journal={The Canadian Journal of Chemical Engineering},
	volume={94},
	number={9},
	pages={1770--1782},
	year={2016},
	publisher={Wiley Online Library}
}

@article{ruppen1998implementation,
	title={Implementation of adaptive optimal operation for a semi-batch reaction system},
	author={Ruppen, D and Bonvin, D and Rippin, DWT},
	journal={Computers \& chemical engineering},
	volume={22},
	number={1-2},
	pages={185--199},
	year={1998},
	publisher={Elsevier}
}

@article{geladi1986partial,
	title={Partial least-squares regression: a tutorial},
	author={Geladi, Paul and Kowalski, Bruce R},
	journal={Analytica chimica acta},
	volume={185},
	pages={1--17},
	year={1986},
	publisher={Elsevier}
}

@incollection{francois2013measurement,
	title={Measurement-based real-time optimization of chemical processes},
	author={Francois, Gr{\'e}gory and Bonvin, Dominique},
	booktitle={Advances in Chemical Engineering},
	volume={43},
	pages={1--50},
	year={2013},
	publisher={Elsevier}
}

@article{bunin2012experimental,
	title={Experimental real-time optimization of a solid oxide fuel cell stack via constraint adaptation},
	author={Bunin, Gene A and Wuillemin, Zacharie and Fran{\c{c}}ois, Gr{\'e}gory and Nakajo, Arata and Tsikonis, Leonidas and Bonvin, Dominique},
	journal={Energy},
	volume={39},
	number={1},
	pages={54--62},
	year={2012},
	publisher={Elsevier}
}

@article{bonvin2005optimal,
	title={Optimal grade transition for polyethylene reactors via NCO tracking},
	author={Bonvin, Dominique and Bodizs, Levente and Srinivasan, Bala},
	journal={Chemical Engineering Research and Design},
	volume={83},
	number={6},
	pages={692--697},
	year={2005},
	publisher={Elsevier}
}

@article{mcauley1992optimal,
	title={Optimal grade transitions in a gas phase polyethylene reactor},
	author={McAuley, KB and MacGregor, JF},
	journal={AIChE Journal},
	volume={38},
	number={10},
	pages={1564--1576},
	year={1992},
	publisher={Wiley Online Library}
}

@article{franccois2004run,
	title={Run-to-run adaptation of a semiadiabatic policy for the optimization of an industrial batch polymerization process},
	author={Fran{\c{c}}ois, Gr{\'e}gory and Srinivasan, Balasubrahmanya and Bonvin, Dominique and Hernandez Barajas, J and Hunkeler, David},
	journal={Industrial \& engineering chemistry research},
	volume={43},
	number={23},
	pages={7238--7242},
	year={2004},
	publisher={ACS Publications}
}

@article{wang2003startup,
	title={A startup model for simulation of batch distillation starting from a cold state},
	author={Wang, Lin and Li, Pu and Wozny, G{\"u}nter and Wang, Shuqing},
	journal={Computers \& Chemical Engineering},
	volume={27},
	number={10},
	pages={1485--1497},
	year={2003},
	publisher={Elsevier}
}

@article{lang1998dynamic,
	title={Dynamic optimization of a batch crystallization process},
	author={Lang, YD and Cervantes, A and Biegler, LT},
	journal={I \& EC Research},
	volume={38},
	number={4},
	pages={1469},
	year={1998}
}

@article{busch2007run,
	title={Run-to-run control of membrane filtration processes},
	author={Busch, Jan and Cruse, Andreas and Marquardt, Wolfgang},
	journal={AIChE journal},
	volume={53},
	number={9},
	pages={2316--2328},
	year={2007},
	publisher={Wiley Online Library}
}

@article{palerm2008run,
	title={A run-to-run control strategy to adjust basal insulin infusion rates in type 1 diabetes},
	author={Palerm, Cesar C and Zisser, Howard and Jovanovi{\v{c}}, Lois and Doyle III, Francis J},
	journal={Journal of process control},
	volume={18},
	number={3-4},
	pages={258--265},
	year={2008},
	publisher={Elsevier}
}

@article{kim2019robust,
	title={Robust Batch-to-Batch Optimization with Scenario Adaptation},
	author={Kim, Boeun and Huusom, Jakob K and Lee, Jay H},
	journal={Industrial \& Engineering Chemistry Research},
	volume={58},
	number={30},
	pages={13664--13674},
	year={2019},
	publisher={ACS Publications}
}

@article{andersen2017dynamic,
	title={Dynamic modelling of pectin extraction describing yield and functional characteristics},
	author={Andersen, Nina Marianne and Cognet, T and Santacoloma, PA and Larsen, J and Armagan, I and Larsen, Flemming Hofmann and Gernaey, KV and Abildskov, Jens and Huusom, Jakob Kj{\o}bsted},
	journal={Journal of Food Engineering},
	volume={192},
	pages={61--71},
	year={2017},
	publisher={Elsevier}
}

@article{srinivasan2003dynamic,
	title={Dynamic optimization of batch processes: I. Characterization of the nominal solution},
	author={Srinivasan, Balasubramaniam and Palanki, Srinivas and Bonvin, Dominique},
	journal={Computers \& Chemical Engineering},
	volume={27},
	number={1},
	pages={1--26},
	year={2003},
	publisher={Elsevier}
}

@techreport{bonvin2001dynamic,
	title={Dynamic optimization in the batch chemical industry},
	author={Bonvin, Dominique and Srinivasan, Bala and Ruppen, David},
	year={2001}
}

@article{matsuura2008development,
	title={Development of a decarburization and slag formation model for the electric arc furnace},
	author={Matsuura, Hiroyuki and Manning, Christopher P and Fortes, Raimundo AFO and Fruehan, Richard J},
	journal={ISIJ international},
	volume={48},
	number={9},
	pages={1197--1205},
	year={2008},
	publisher={The Iron and Steel Institute of Japan}
}

@article{bi2020digging,
	title={Digging Trajectory Optimization for Cable Shovel Robotic Excavation Based on a Multi-Objective Genetic Algorithm},
	author={Bi, Qiushi and Wang, Guoqiang and Wang, Yongpeng and Yao, Zongwei and Hall, Robert},
	journal={Energies},
	volume={13},
	number={12},
	pages={3118},
	year={2020},
	publisher={Multidisciplinary Digital Publishing Institute}
}

@inproceedings{semenov2020multi,
	title={Multi-Stage Trajectory Optimization for Multiple Aircraft Approaching an Airport},
	author={Semenov, Valeriy and Kostina, Ekaterina},
	booktitle={2020 European Control Conference (ECC)},
	pages={1490--1495},
	year={2020},
	organization={IEEE}
}

@article{quelhas2013common,
	title={Common vulnerabilities of RTO implementations in real chemical processes},
	author={Quelhas, Andr{\'e} D and de Jesus, Normando Jos{\'e} Castro and Pinto, Jos{\'e} Carlos},
	journal={The Canadian Journal of Chemical Engineering},
	volume={91},
	number={4},
	pages={652--668},
	year={2013},
	publisher={Wiley Online Library}
}

@book{gaspar2012manual,
	title={Manual de computa{\c{c}}{\~a}o evolutiva e metaheur{\'\i}stica},
	author={Gaspar-Cunha, A. and Takahashi, R. and Antunes, C.H.},
	isbn={9789892601502},
	series={Ensino},
	year={2012},
	publisher={Imprensa da Universidade de Coimbra / Coimbra University Press}
}


@inproceedings{lampinen2002constraint,
	title={A constraint handling approach for the differential evolution algorithm},
	author={Lampinen, Jouni},
	booktitle={Proceedings of the 2002 Congress on Evolutionary Computation. CEC'02 (Cat. No. 02TH8600)},
	volume={2},
	pages={1468--1473},
	year={2002},
	organization={IEEE}
}

@article{pant2020differential,
	title={Differential Evolution: A review of more than two decades of research},
	author={Pant, Millie and Zaheer, Hira and Garcia-Hernandez, Laura and Abraham, Ajith and others},
	journal={Engineering Applications of Artificial Intelligence},
	volume={90},
	pages={103479},
	year={2020},
	publisher={Elsevier}
}

@book{eiben2007introduction,
	title={Introduction to Evolutionary Computing},
	author={Eiben, A.E. and Smith, J.E.},
	isbn={9783540401841},
	lccn={2003057316},
	series={Natural Computing Series},
	year={2007},
	publisher={Springer Berlin Heidelberg}
}
